
@article{yanai,
 author = "{柳井啓司}",
 title = "一般物体認識の現状と今後" ,
 journal = "情報処理学会論文誌 コンピュータビジョンとイメージメディア",
 year= "2007" ,
 volume= "48",
 number = "16",
 pages="1-24"
} 


@InProceedings{dalal,
 author = "Dalal, N. and Triggs, B.",
 year= "2005" ,
 title = "Histograms of oriented gradients for human detection" ,
 booktitle = "IEEE Conference on Computer Vision and Pattern Recognition",
 pages="886-893"
} 


@article{mori,
 author = "{森靖英, 高橋裕信, 岡隆一}",
 title = "単語群付き画像の分割クラスタリングによる未知画像からの関連単語推定" ,
 journal = "電子情報通信学会論文誌",
 year= "2001" ,
 volume= "J84-D-II",
 number = "4",
 pages="649-658"
} 


@InProceedings{imagenet,
 author ="Deng, J. and  Dong, W. and  Socher, R. and  Li, L. and Li, K. and Fei-Fei, L." , 
 year =  "2009" ,
 title = "ImageNet: A large-scale hierarchical image database" ,
 booktitle = "IEEE Conference on Computer Vision and Pattern Recognition",
 pages = "248-255"
} 


@article{torralba,
 author = "Torralba, A. and Fergus, R. and Freeman, W.",
 title = "80 million tiny images: A large data set for nonparametric object and scene recognition" ,
 journal = "IEEE Transactions on Pattern Analysis and Machine Intelligence",
 year= "2008",
 volume= "30",
 number = "11",
 pages = "1958-1970"
} 


@InProceedings{duygulu,
 author ="Duygulu, P. and  Barnard, K. and  de Freitas, N.  and Forsyth, D.",
 year =  "2002",
 title = "Object recognition as machine translation: Learning a lexicon for a fixed image vocabulary",
 booktitle="European Conference on Computer Vision",
 pages = "97-112"
}


@InProceedings{jeon,
 author ="Jeon, J. and  Lavrenko, V. and Manmatha, R.",
 year =  "2003",
 title = "Automatic Image Annotation and Retrieval using Cross-media Relevance Models",
 booktitle="annual international ACM SIGIR conference on Research and development in informaion retrieval",
 pages = "119--126"
}

@article{watanabe,
 author = "{渡邉裕樹, 秋良直人, 廣池敦, 松原大輔, 平松義崇, 永吉洋登, 影広達彦, 久光徹}",
 title = "大規模Web画像データベースを用いた画像アノテーションシステムの構築" ,
 journal = "情報処理学会研究報告, 2012-CVIM-181",
 year = "2012" ,
 number = "8",
 pages = "1-8"
} 


@INPROCEEDINGS{Viola01rapidobject,
    author = {Paul Viola and Michael Jones},
    title = {Rapid object detection using a boosted cascade of simple features},
    booktitle = {},
    year = {2001},
    pages = {511--518}
}

@INPROCEEDINGS{Lienhart03empiricalanalysis,
    author = {Rainer Lienhart and Er Kuranov and Vadim Pisarevsky},
    title = {Empirical Analysis of Detection Cascades of Boosted Classifiers for Rapid Object Detection},
    booktitle = {In DAGM 25th Pattern Recognition Symposium},
    year = {2003},
    pages = {297--304}
}

 @InProceedings{Mirrashed_2013_ICCV,
author = {Mirrashed, Fatemeh and Rastegari, Mohammad},
title = {Domain Adaptive Classification},
booktitle = {The IEEE International Conference on Computer Vision (ICCV)},
month = {December},
year = {2013}
}




@article{DBLP:journals/corr/abs-1009-5758,
  author    = {Sakrapee Paisitkriangkrai and
               Chunhua Shen and
               Jian Zhang},
  title     = {Face Detection with Effective Feature Extraction},
  journal   = {CoRR},
  volume    = {abs/1009.5758},
  year      = {2010},
  url       = {http://arxiv.org/abs/1009.5758},
  timestamp = {Mon, 05 Dec 2011 18:05:16 +0100},
  biburl    = {http://dblp.uni-trier.de/rec/bib/journals/corr/abs-1009-5758},
  bibsource = {dblp computer science bibliography, http://dblp.org}
}



@article{UniDicJp2010,
 author = "{小木曽智信, 小椋秀樹, 小磯花絵, 宮内佐夜香, 渡部涼子, 伝康晴}",
 title = "形態素解析辞書のベンチマークテスト" ,
 journal = "言語処理学会　第16回年次大会　発表論文集",
 year = "2010" ,
 pages = "326-329"
}

@book{BirdKleinLoper09,
  author = {Steven Bird and Ewan Klein and Edward Loper},
  title = {{Natural Language Processing with Python}},
  publisher = {O'Reilly Media},
  year = 2009
}


@inproceedings{Ibanez:2011:EPS:1964799.1964819,
 author = {Iba\~{n}ez, M. Pilar Valverde},
 title = {An Evaluation of Part of Speech Tagging on Written Second Language Spanish},
 booktitle = {Proceedings of the 12th International Conference on Computational Linguistics and Intelligent Text Processing - Volume Part I},
 series = {CICLing'11},
 year = {2011},
 isbn = {978-3-642-19399-6},
 location = {Tokyo, Japan},
 pages = {214--226},
 numpages = {13},
 url = {http://dl.acm.org/citation.cfm?id=1964799.1964819},
 acmid = {1964819},
 publisher = {Springer-Verlag},
 address = {Berlin, Heidelberg},
}

